@misc{ wp-teo-godel-it,
   author = "Wikipedia",
   title = "Teoremi di incompletezza di Gödel --- {W}ikipedia{,} The Free Encyclopedia",
   url = "\url{http://it.wikipedia.org/wiki/Teoremi_di_incompletezza_di_Gödel}",
}

@misc{ wp-elementi-euclide,
   author = "Wikipedia",
   title = "Elementi (Euclide) --- {W}ikipedia{,} The Free Encyclopedia",
   url = "\url{http://it.wikipedia.org/wiki/Elementi_di_Euclide}",
}

@misc{ wp-geometria-iperbolica,
   author = "Wikipedia",
   title = "Geometria iperbolica --- {W}ikipedia{,} The Free Encyclopedia",
}
@misc{ wp-paradosso-russel-it,
   author = "Wikipedia",
   title = "Paradosso di Russell --- {W}ikipedia{,} The Free Encyclopedia",
   url = "\url{http://it.wikipedia.org/wiki/Paradosso_di_Russell}"
}

@booklet { grundlagen,
  author = "David Hilbert",
  title = "Grundlagen der Geometrie",
  year = "1899"
}

@booklet { critica-ragion-pura,
  author = "Immanuel Kant",
  title = "Critica della ragion pura",
  year = "1787"
}

@booklet { prolegomeni,
  author = "Immanuel Kant",
  title = "Prolegomeni ad ogni futura metafisica che voglia presentarsi come scienza",
  year = "1783"
}

@booklet { metamorfosi,
  author = "Piergiorgio Odifreddi",
  title = "Metamorfosi di un teorema",
  year = "Settembre 1994"
}

@booklet { odifreddi-e-ia,
  author = "Piergiorgio Odifreddi",
  title = "Il teorema di Gödel e l'I.A.",
  year = "Marzo 1992"
}

@book { jacob71,
  author = "Francois Jacob",
  publisher = "Einaudi",
  title = "La logica del vivente",
  year = "1971",
  note = "Pag 368"
 }

@book { penrose91,
  author = "Roger Penrose",
  publisher = "Rizzoli",
  title = "La mente nuova dell'imperatore",
  year = "1991"
 }

@book { geb,
  author = "Douglas Hofstader",
  publisher = "Adelphi",
  title = "Gödel, Escher, Bach",
  year = "1984"
 }
